% Encoding: UTF-8

@InProceedings{arnold12,
  author    = {K. E. Arnold AND M. D. Pistilli},
  title     = {Course Signals at Purdue: Using learning analytics to increase student success.},
  booktitle = {Proceedings from the 2nd International Learning Analytics and Knowledge Conference},
  year      = {2012},
  publisher = {ACM},
  location  = {New York, NY},
  month     = {April},
  pages     = {267–270},
  doi       = {https://doi.org/10.1145/2330601.2330666},
}

@Article{baker14,
  author  = {R. S. Baker AND A. T. Corbett},
  title   = {Assessment of robust learning in educational data mining},
  journal = {Research and Practice in Assessment},
  year    = {2014},
  volume  = {9},
  pages   = {38–50},
  url     = {https://files.eric.ed.gov/fulltext/EJ1062731.pdf},
}

@Article{baker09,
  author  = {R. S. J.d. Baker AND K. Yacef},
  title   = {The state of educational data mining in 2009: A review and future visions},
  journal = {Journal of Educational Data Mining},
  year    = {2009},
  volume  = {1},
  number  = {1},
  pages   = {3-17},
}

@Misc{bischel12,
  author   = {J. Bischel},
  editor   = {EDUCAUSE Center for Applied Research},
  title    = {Analytics in higher education: Barriers, progress, and recommendations},
  year     = {2012},
  location = {Littleton, CO},
  url      = {http://net.educause.edu/ir/library/pdf/ERS1207/ers1207.pdf},
}

@InProceedings{brooks17,
  author       = {C. Brooks AND C Thompson . In},
  title        = {Predictive Modeling in Teaching and Learning},
  booktitle    = {Handbook of Learning Analytics (1st ed.)},
  year         = {2017},
  editor       = {C. Lang AND G. Siemens AND A. Wise AND D. Gasevic},
  organization = {SoLAR},
  publisher    = {Society of Learning Analytics},
  pages        = {61-68},
  doi          = {10.18608/hla17},
  url          = {https://pdfs.semanticscholar.org/2cd4/901b07f3562f98e1e56dc5712e8bc03bdc2e.pdf},
}

@Misc{campbell07,
  author       = {John P. Campbell, Peter B. DeBlois, and Diana G. Oblinger},
  editor       = {Educause Review},
  title        = {Academic analytics: a new tool for a new era},
  year         = {2007},
  date         = {2007-07-06},
  howpublished = {online},
  type         = {Review},
  month        = {July},
  url          = {https://er.educause.edu/articles/2007/7/academic-analytics-a-new-tool-for-a-new-era},
  comment      = {Volume 42(4); 40–57},
}

@Article{clow13,
  author  = {Clow, Doug},
  title   = {An overview of learning analytics},
  journal = {Teaching in Higher Education},
  year    = {2013},
  volume  = {18},
  number  = {6},
  pages   = {683–695},
}






























